\usepackage[backend=biber,
style=numeric]{biblatex}

@misc{randomSequenceProperties,
	note = "Properties of random numbers: \url{https://www.eg.bucknell.edu/~xmeng/Course/CS6337/Note/master/node37.html}"
}
@misc{pseudorandomNumberDefinition,
	note = "Pseudorandom numbers: \url{https://www.computerhope.com/jargon/p/pseudo-random.htm}"
}
@misc{pRNG_basic,
	note = "Pseudorandom number generator basics: \url{https://www.khanacademy.org/computing/computer-science/cryptography/crypt/v/random-vs-pseudorandom-number-generators}"
}
@misc{pRNG_usingModulus,
	note = "Pseudorandom number generators using modulus operator: \url{https://nap.nationalacademies.org/read/2026/chapter/7#66}"
}
@misc{endToEndEncrypt,
	note = "End-to-end encryption: \url{https://support.google.com/messages/answer/10262381?hl=en}"
}
@misc{hashFunction,
	note = "Hash function definition: \url{https://www.tutorialspoint.com/cryptography/cryptography_hash_functions.htm}"
}
@misc{hashFunctionImplementation,
	note = "Hash function implementation: \url{https://www.cs.hmc.edu/~geoff/classes/hmc.cs070.200101/homework10/hashfuncs.html}"
}
@misc{pythonDict,
	note = "Hash and Python dictionaries: \url{https://www.laurentluce.com/posts/python-dictionary-implementation/}"
}
@misc{parityBitMethod,
	note = "Parity bit method: \url{https://www.techtarget.com/searchstorage/definition/parity}"
}
@misc{parityBitHammingCode,
	note = "Hamming code (parity bit): \url{https://www.geeksforgeeks.org/hamming-code-in-computer-network/}"
}
@misc{cryptographyDef,
	note = "Defining cryptography: \url{https://www.kaspersky.com/resource-center/definitions/what-is-cryptography}"
}
@misc{cryptosystem,
	note = "Defining cryptosystem: \url{https://www.tutorialspoint.com/cryptography/cryptosystems.htm}"
}
@misc{rsa_overview,
	note = "Introduction to RSA: \url{https://en.wikipedia.org/wiki/RSA_(cryptosystem)}"
}
@misc{rsa_convertingMessageToInteger,
	note = "Converting message to integer: \url{https://github.com/Sazzad-Saju/RSA_Algorithm}"
}
@misc{rsa_whyUseCarmichaelFunction,
	note = "Why we use Carmichael function in RSA: \url{https://crypto.stackexchange.com/questions/33676/why-do-we-need-eulers-totient-function-varphin-in-rsa/33679#33679}"
}
@misc{barcodeDefinition,
	note = "Barcode definition: \url{https://www.denso-wave.com/en/adcd/fundamental/barcode/barcode/index.html}"
}
@misc{barcodeScanningBasics,
	note = "Barcode scanning basics: \url{https://www.denso-wave.com/en/adcd/fundamental/barcode/scan/index.html}"
}
@misc{barcode_checkDigitCalculation,
	note = "Barcode check digit calculation: \url{https://azaleabarcodes.com/white-papers/upc-barcode-check-digit/}"
}
@misc{barcode_componentsDiagram,
	note = "Barcode components diagram: \url{https://www.denso-wave.com/en/adcd/fundamental/barcode/barcode/index.html}"
}
@misc{codingBasicDefinition,
	note = "Coding \& decoding basic definition: \url{https://www.geeksforgeeks.org/coding-decoding}"
}
@misc{codingMathematicalDefinition,
	note = "Coding \& decoding in mathematics: \url{https://encyclopediaofmath.org/wiki/Coding_and_decoding}"
}
@misc{codingTheory,
	note = "Coding theory: \url{https://en.wikipedia.org/wiki/Coding_theory}"
}
@misc{englishLetterFreqGraph,
	note = "English letter frequencies: \url{https://www3.nd.edu/~busiforc/handouts/cryptography/letterfrequencies.html}"
}